<collection xmlns="http://www.loc.gov/MARC21/slim">
<record>
  <leader>01771nam0a2200313 i 450 </leader>
  <controlfield tag="001">IT\ICCU\CNCE\021121</controlfield>
  <controlfield tag="005">20100723000000.0</controlfield>
  <datafield tag="012" ind1=" " ind2=" ">
    <subfield code="a">s.e. e.co uaal D.M. (3) 1579 (R)</subfield>
    <subfield code="2">fei</subfield>
  </datafield>
  <datafield tag="100" ind1=" " ind2=" ">
    <subfield code="a">19970101d1579        0itac0103    ba</subfield>
  </datafield>
  <datafield tag="101" ind1=" " ind2=" ">
    <subfield code="a">ITA</subfield>
  </datafield>
  <datafield tag="102" ind1=" " ind2=" ">
    <subfield code="a">IT</subfield>
  </datafield>
  <datafield tag="200" ind1="1" ind2=" ">
    <subfield code="a">Modo breue, facile, vtile, et necessario, in forma di dialogo, per ammaestrare i figliuoli mascoli &amp; femine, &amp; quelli che non sanno nelle deuotioni, &amp; buoni costumi del viuer christiano. Raccolto dal reuerendo sacerdote don Giouan Paolo da Como chierico regolare</subfield>
  </datafield>
  <datafield tag="210" ind1=" " ind2=" ">
    <subfield code="a">In Vinegia</subfield>
    <subfield code="c">\Egidio Regazzola!</subfield>
    <subfield code="c">appresso Giouanni Varisco</subfield>
    <subfield code="d">&amp; compagni</subfield>
    <subfield code="d">1579</subfield>
  </datafield>
  <datafield tag="215" ind1=" " ind2=" ">
    <subfield code="a">40 p.</subfield>
    <subfield code="c">ill.</subfield>
    <subfield code="d">8ʻ</subfield>
  </datafield>
  <datafield tag="620" ind1=" " ind2=" ">
    <subfield code="a">IT</subfield>
    <subfield code="d">Venezia</subfield>
  </datafield>
  <datafield tag="700" ind1=" " ind2="1">
    <subfield code="a">Montorfano,</subfield>
    <subfield code="b">Giovan Paolo</subfield>
    <subfield code="3">IT\ICCU\CNCA\003234</subfield>
  </datafield>
  <datafield tag="712" ind1="0" ind2="0">
    <subfield code="a">Varisco, Giovanni &amp; C.</subfield>
    <subfield code="3">IT\ICCU\CNCT\002997</subfield>
    <subfield code="4">650</subfield>
  </datafield>
  <datafield tag="712" ind1="0" ind2="0">
    <subfield code="a">Regazzola, Egidio</subfield>
    <subfield code="3">IT\ICCU\CNCT\000620</subfield>
    <subfield code="4">650</subfield>
  </datafield>
  <datafield tag="790" ind1=" " ind2="1">
    <subfield code="a">Montorfani,</subfield>
    <subfield code="b">Giovan Paolo</subfield>
    <subfield code="3">IT\ICCU\CNCA\020199</subfield>
    <subfield code="z">Montorfano, Giovan Paolo</subfield>
  </datafield>
  <datafield tag="790" ind1=" " ind2="0">
    <subfield code="a">Giovan Paolo</subfield>
    <subfield code="c"> : da#Como</subfield>
    <subfield code="3">IT\ICCU\CNCA\024101</subfield>
    <subfield code="z">Montorfano, Giovan Paolo</subfield>
  </datafield>
  <datafield tag="790" ind1=" " ind2="0">
    <subfield code="a">Giovanni Paolo</subfield>
    <subfield code="c"> : da Como</subfield>
    <subfield code="3">IT\ICCU\CNCA\028994</subfield>
    <subfield code="z">Montorfano, Giovan Paolo</subfield>
  </datafield>
  <datafield tag="791" ind1="0" ind2="0">
    <subfield code="a">Guarisco, Giovanni &amp; C.</subfield>
    <subfield code="3">IT\ICCU\CNCT\006428</subfield>
    <subfield code="z">Varisco, Giovanni &amp; C.</subfield>
  </datafield>
  <datafield tag="791" ind1="0" ind2="0">
    <subfield code="a">Ragazzola, Egidio</subfield>
    <subfield code="3">IT\ICCU\CNCT\002304</subfield>
    <subfield code="z">Regazzola, Egidio</subfield>
  </datafield>
  <datafield tag="791" ind1="0" ind2="0">
    <subfield code="a">Regazola, Aegidius</subfield>
    <subfield code="3">IT\ICCU\CNCT\005339</subfield>
    <subfield code="z">Regazzola, Egidio</subfield>
  </datafield>
  <datafield tag="801" ind1=" " ind2="3">
    <subfield code="a">IT</subfield>
    <subfield code="b">ICCU</subfield>
    <subfield code="c">20201114</subfield>
  </datafield>
  <datafield tag="899" ind1=" " ind2=" ">
    <subfield code="a">Biblioteca universitaria Alessandrina. Roma</subfield>
    <subfield code="1">RM0280</subfield>
    <subfield code="2">RML 01</subfield>
  </datafield>
  <datafield tag="899" ind1=" " ind2=" ">
    <subfield code="a">Biblioteca Casanatense. Roma</subfield>
    <subfield code="1">RM0313</subfield>
    <subfield code="2">RML 07</subfield>
  </datafield>
  <datafield tag="911" ind1=" " ind2=" ">
    <subfield code="a">Sul front.</subfield>
    <subfield code="9">IT\ICCU\CNCM\002446</subfield>
  </datafield>
  <datafield tag="921" ind1=" " ind2=" ">
    <subfield code="a">IT\ICCU\CNCM\002446</subfield>
    <subfield code="b">Pavone apre la coda a ruota ai piedi di una croce con le parole Paupertas Humilitas Patientia Obedientia.</subfield>
    <subfield code="e">Ingenuus omnia</subfield>
    <subfield code="c">U974</subfield>
    <subfield code="f">PAVONE</subfield>
    <subfield code="f">CROCE</subfield>
    <subfield code="f">INGENUUSOM</subfield>
    <subfield code="g">1579</subfield>
  </datafield>
</record>
</collection>
